@ARTICLE{GatysEB15a,
  author    = {Leon A. Gatys and
               Alexander S. Ecker and
               Matthias Bethge},
  title     = {A Neural Algorithm of Artistic Style},
  journal   = {CoRR},
  volume    = {abs/1508.06576},
  year      = {2015}
}

@article{JohnsonAL16,
  author    = {Justin Johnson and
               Alexandre Alahi and
               Fei{-}Fei Li},
  title     = {Perceptual Losses for Real-Time Style Transfer and Super-Resolution},
  journal   = {CoRR},
  volume    = {abs/1603.08155},
  year      = {2016}
}

@article{GatysEB15,
  author    = {Leon A. Gatys and
               Alexander S. Ecker and
               Matthias Bethge},
  title     = {Texture synthesis and the controlled generation of natural stimuli
               using convolutional neural networks},
  journal   = {CoRR},
  volume    = {abs/1505.07376},
  year      = {2015}
}

@article{KaurZD17,
  author    = {Parneet Kaur and
               Hang Zhang and
               Kristin J. Dana},
  title     = {Photo-realistic Facial Texture Transfer},
  journal   = {CoRR},
  volume    = {abs/1706.04306},
  year      = {2017}
}

@article{KATE,
  author    = {Yu Chen and
               Mohammed J. Zaki},
  title     = {KATE: K-Competitive Autoencoder for Text},
  journal   = {KDD},
  year      = {2017}
}

@article{VGG19,
  author    = {Karen Simonyan and
               Andrew Zisserman},
  title     = {Very Deep Convolutional Networks for Large-Scale Image Recognition},
  journal   = {CoRR},
  volume    = {abs/1409.1556},
  year      = {2014},
}

@article{MakhzaniF13,
  author    = {Alireza Makhzani and
               Brendan J. Frey},
  title     = {k-Sparse Autoencoders},
  journal   = {CoRR},
  volume    = {abs/1312.5663},
  year      = {2013}
}

@article{Kim14f,
  author    = {Yoon Kim},
  title     = {Convolutional Neural Networks for Sentence Classification},
  journal   = {CoRR},
  volume    = {abs/1408.5882},
  year      = {2014}
}

@article{Liu15,
  author    = {Shuying Liu and 
  			   Weihong Deng},
  title     = {Very Deep Convolutional Neural Network Based Image Classification Using
Small Training Sample Size},
  year      = {2015}
}

@TECHREPORT{Krizhevsky09,
    author = {Alex Krizhevsky},
    title = {Learning multiple layers of features from tiny images},
    institution = {},
    year = {2009}
}

@article{ILSVRC15,
Author = {Olga Russakovsky and Jia Deng and Hao Su and Jonathan Krause and Sanjeev Satheesh and Sean Ma and Zhiheng Huang and Andrej Karpathy and Aditya Khosla and Michael Bernstein and Alexander C. Berg and Li Fei-Fei},
Title = {{ImageNet Large Scale Visual Recognition Challenge}},
Year = {2015},
journal   = {International Journal of Computer Vision (IJCV)},
doi = {10.1007/s11263-015-0816-y},
volume={115},
number={3},
pages={211-252}
}